@misc{LSE-309,
  title = "{Summit to Base Information Technology and Communication (ITC) Design}",
  author = {J. Kantor},
  year = 2017,
  howpublished = {LSE-309},
  url = {https://ls.st/LSE-309},
}

@ARTICLE{2008arXiv0805.2366I,
  author =       {{Ivezic}, Z. and others},
  title =        "{LSST: from Science Drivers to Reference Design and
                  Anticipated Data Products}",
  journal =      {ArXiv e-prints},
  archivePrefix ="arXiv",
  eprint =       {arXiv:0805.2366},
  keywords =     {Astrophysics},
  year =         2008,
  month =        may,
  adsurl =       {http://adsabs.harvard.edu/abs/2008arXiv0805.2366I},
  adsnote =      {Provided by the SAO/NASA Astrophysics Data System}
}

@INPROCEEDINGS{O3-1_adassxxv,
   author = {{Juri{\'c}}, M. and others},
    title = "{The LSST Data Management System}",
booktitle = "ADASS XXV",
   editor = "Lorente, N.~P.~F.",
   series = "ASP Conf.\ Ser.",
   volume = "TBD",
    pages = "TBD",
archivePrefix = "arXiv",
   eprint = {arXiv:1512.07914},
 primaryClass = "astro-ph.IM",
 keywords = {Astrophysics - Instrumentation and Methods for Astrophysics},
     year = 2016,
    month = dec,
   adsurl = {http://adsabs.harvard.edu/abs/2015arXiv151207914J},
  adsnote = {Provided by the SAO/NASA Astrophysics Data System}
}

@INPROCEEDINGS{2010SPIE.7735E..0JK,
   author = {{Kahn}, S.~M. and others},
    title = "{Design and development of the 3.2 gigapixel camera for the Large Synoptic Survey Telescope}",
booktitle = {Ground-based and Airborne Instrumentation for Astronomy III},
     year = 2010,
   series = {Proc.\ SPIE},
   volume = 7735,
    month = jul,
      eid = {77350J},
    pages = {77350J},
      doi = {10.1117/12.857920},
   adsurl = {http://adsabs.harvard.edu/abs/2010SPIE.7735E..0JK},
  adsnote = {Provided by the SAO/NASA Astrophysics Data System}
}

@INPROCEEDINGS{2016SPIE.9906E..0JG,
   author = {{Gressler}, W.~J.},
    title = "{LSST telescope and site status}",
booktitle = {Ground-based and Airborne Telescopes VI},
     year = 2016,
   series = {Proc.\ SPIE},
   volume = 9906,
    month = jul,
      eid = {99060J},
    pages = {99060J},
      doi = {10.1117/12.2232173},
   adsurl = {http://adsabs.harvard.edu/abs/2016SPIE.9906E..0JG},
  adsnote = {Provided by the SAO/NASA Astrophysics Data System}
}

@INPROCEEDINGS{2011ASPC..443..261J,
   author = {{Jacoby}, S.~H. and {Borne}, K.~D. and {Prather}, E.~E. and
	{Raddick}, M.~J. and {Ratcliffe}, D.~M. and {Spuck}, T.~S.},
    title = "{LSST Education and Public Outreach}",
booktitle = {Earth and Space Science: Making Connections in Education and Public Outreach},
     year = 2011,
   series = {ASP Conf.\ Ser.},
   volume = 443,
   editor = {{Jensen}, J.~B. and {Manning}, J.~G. and {Gibbs}, M.~G.},
    month = sep,
    pages = {261},
   adsurl = {http://adsabs.harvard.edu/abs/2011ASPC..443..261J},
  adsnote = {Provided by the SAO/NASA Astrophysics Data System}
}
